@article{zaveri2017metacrowd,
  title={{MetaCrowd: crowdsourcing gene expression metadata quality assessment}},
  author={Zaveri, Amrapali and Dumontier, Michel},
  journal={F1000Research},
  volume={6},
  year={2017}
}

@article{faulconbridge2013updates,
  title={{Updates to BioSamples database at European Bioinformatics Institute}},
  author={Faulconbridge, Adam and Burdett, Tony and Brandizi, Marco and Gostev, Mikhail and Pereira, Rui and Vasant, Drashtti and Sarkans, Ugis and Brazma, Alvis and Parkinson, Helen},
  journal={Nucleic acids research},
  volume={42},
  number={D1},
  pages={D50--D52},
  year={2013},
  publisher={Oxford University Press}
}

@article{lee1999learning,
  title={Learning the parts of objects by non-negative matrix factorization},
  author={Lee, Daniel D and Seung, H Sebastian},
  journal={Nature},
  volume={401},
  number={6755},
  pages={788--791},
  year={1999},
  publisher={Nature Publishing Group}
}

@article{lin2007projected,
  title={Projected gradient methods for nonnegative matrix factorization},
  author={Lin, Chih-Jen},
  journal={Neural computation},
  volume={19},
  number={10},
  pages={2756--2779},
  year={2007},
  publisher={MIT Press}
}

@article{gonccalves2017metadata,
  title={{Metadata in the BioSample Online Repository are Impaired by Numerous Anomalies}},
  author={Gon{\c{c}}alves, Rafael S and O'Connor, Martin J and Mart{\'\i}nez-Romero, Marcos and Graybeal, John and Musen, Mark A},
  journal={arXiv preprint arXiv:1708.01286},
  year={2017}
}

@article{scikit-learn,
 title={{Scikit}-learn: Machine Learning in {P}ython},
 author={Pedregosa, F. and Varoquaux, G. and Gramfort, A. and Michel, V.
         and Thirion, B. and Grisel, O. and Blondel, M. and Prettenhofer, P.
         and Weiss, R. and Dubourg, V. and Vanderplas, J. and Passos, A. and
         Cournapeau, D. and Brucher, M. and Perrot, M. and Duchesnay, E.},
 journal={Journal of Machine Learning Research},
 volume={12},
 pages={2825--2830},
 year={2011}
}

@article{hoffman2013use,
  title={The use and misuse of biomedical data: is bigger really better?},
  author={Hoffman, Sharona and Podgurski, Andy},
  journal={American journal of law \& medicine},
  volume={39},
  number={4},
  pages={497--538},
  year={2013},
  publisher={SAGE Publications Sage CA: Los Angeles, CA}
}

@inproceedings{arora2013practical,
  title={A practical algorithm for topic modeling with provable guarantees},
  author={Arora, Sanjeev and Ge, Rong and Halpern, Yonatan and Mimno, David and Moitra, Ankur and Sontag, David and Wu, Yichen and Zhu, Michael},
  booktitle={International Conference on Machine Learning},
  pages={280--288},
  year={2013}
}

@article{barrett2011bioproject,
  title={{BioProject and BioSample databases at NCBI: facilitating capture and organization of metadata}},
  author={Barrett, Tanya and Clark, Karen and Gevorgyan, Robert and Gorelenkov, Vyacheslav and Gribov, Eugene and Karsch-Mizrachi, Ilene and Kimelman, Michael and Pruitt, Kim D and Resenchuk, Sergei and Tatusova, Tatiana and others},
  journal={Nucleic acids research},
  volume={40},
  number={D1},
  pages={D57--D63},
  year={2011},
  publisher={Oxford University Press}
}

@article{manola2004rdf,
  title={{RDF primer}},
  author={Manola, Frank and Miller, Eric and McBride, Brian and others},
  journal={W3C recommendation},
  volume={10},
  number={1-107},
  pages={6},
  year={2004}
}

@misc{bizer2009berlin,
  title={The berlin sparql benchmark},
  author={Bizer, Christian and Schultz, Andreas},
  year={2009}
}

@Article{Hu2017,
author="Hu, Wei
and Zaveri, Amrapali
and Qiu, Honglei
and Dumontier, Michel",
title={{Cleaning by clustering: methodology for addressing data quality issues in biomedical metadata}},
journal="BMC Bioinformatics",
year="2017",
month="Sep",
day="18",
volume="18",
number="1",
pages="415",
abstract="The ability to efficiently search and filter datasets depends on access to high quality metadata. While most biomedical repositories require data submitters to provide a minimal set of metadata, some such as the Gene Expression Omnibus (GEO) allows users to specify additional metadata in the form of textual key-value pairs (e.g. sex: female). However, since there is no structured vocabulary to guide the submitter regarding the metadata terms to use, consequently, the 44,000,000+ key-value pairs in GEO suffer from numerous quality issues including redundancy, heterogeneity, inconsistency, and incompleteness. Such issues hinder the ability of scientists to hone in on datasets that meet their requirements and point to a need for accurate, structured and complete description of the data.",
issn="1471-2105",
doi="10.1186/s12859-017-1832-4",
url="https://doi.org/10.1186/s12859-017-1832-4"
}

@misc{rdf_framework,
	Author = {W3C},
	Date-Added = {2014-07-06 13:56:53 +0000},
	Date-Modified = {2014-07-06 13:56:53 +0000},
	Howpublished = {\url{http://www.w3.org/RDF/}},
	Title = {{Resource Description Framework (RDF)}},
	Year = {2004}}

    
@article{liu2016overview,
  title={An overview of topic modeling and its current applications in bioinformatics},
  author={Liu, Lin and Tang, Lin and Dong, Wen and Yao, Shaowen and Zhou, Wei},
  journal={SpringerPlus},
  volume={5},
  number={1},
  pages={1608},
  year={2016},
  publisher={Nature Publishing Group}
}

@article{wu2016stability,
  title={Stability-driven nonnegative matrix factorization to interpret spatial gene expression and build local gene networks},
  author={Wu, Siqi and Joseph, Antony and Hammonds, Ann S and Celniker, Susan E and Yu, Bin and Frise, Erwin},
  journal={Proceedings of the National Academy of Sciences},
  volume={113},
  number={16},
  pages={4290--4295},
  year={2016},
  publisher={National Acad Sciences}
}

@article {Wilkinson2016,
author = {Mark D. Wilkinson and Michel Dumontier and IJsbrand Jan Aalbersberg and Gabrielle Appleton and Myles Axton and Arie Baak and Niklas Blomberg and Jan-Willem Boiten and Luiz Bonino da Silva Santos and Philip E. Bourne and Jildau Bouwman and Anthony J. Brookes and Tim Clark and Mercè Crosas and Ingrid Dillo and Olivier Dumon and Scott Edmunds and Chris T. Evelo and Richard Finkers and Alejandra Gonzalez-Beltran and Alasdair J.G. Gray and Paul Groth andCarole Goble andJeffrey S. Grethe and Jaap Heringa and Peter A.C ’t Hoen and Rob Hooft and Tobias Kuhn and Ruben Kok and Joost Kok and Scott J. Lusher and Maryann E. Martone and Albert Mons and Abel L. Packer and Bengt Persson and Philippe Rocca-Serra and Marco Roos and Rene van Schaik and Susanna-Assunta Sansone and Erik Schultes and Thierry Sengstag and Ted Slater and George Strawn and Morris A. Swertz and Mark Thompson and Johan van der Lei and Erik van Mulligen and Jan Velterop and Andra Waagmeester and Peter Wittenburg and Katherine Wolstencroft and Jun Zhao  and Barend Mons},
title = {{The FAIR Guiding Principles for scientific data management and stewardship}},
journal = {Scientific Data},
year = {2016},
volume = {3},
doi = {http://doi.org/10.1038/sdata.2016.18}
}

@article{harris2013sparql,
  title={SPARQL 1.1 query language},
  author={Harris, Steve and Seaborne, Andy and Prud’hommeaux, Eric},
  journal={W3C recommendation},
  volume={21},
  number={10},
  year={2013}
}

@article{freudenberg09,
	author  = {J M Freudenberg and V K Joshi and Z Hu and others},
	title   = {{CLEAN: CLustering Enrichment ANalysis}},
	journal = {BMC Bioinformatics},
	year    = {2009},
	volume  = {10},
	pages   = {1-15}
}

@article{ulrich11,
	author  = {B Ulrich and K Andreas and H Sepp},
	title   = {{APCluster}: an {R} package for affinity propagation clustering},
	journal = {Bioinformatics},
	year    = {2011},
	volume  = {27},
	pages   = {2463-2464}
}

@inproceedings{loureiro04,
	author       = {A Loureiro and L Torgo and C Soares},
 	title        = {Outlier detection using clustering methods: a data cleaning application},
 	booktitle    = {Proceedings of KDNet Symposium on Knowledge-based systems for the Public Sector},
    year         = {2004}
} 

@article{giunchiglia07,
	author = {F Giunchiglia and M Yatskevich and P Shvaiko},
	title = {Semantic matching: Algorithms and implementation},
	volume = {IX},
	pages = {1-38},
	year = {2007},
	journal = {Journal on Data Semantics}
}

@article{borgman2012conundrum,
  title={The conundrum of sharing research data},
  author={Borgman, Christine L},
  journal={Journal of the American Society for Information Science and Technology},
  volume={63},
  number={6},
  pages={1059--1078},
  year={2012},
  publisher={Wiley Online Library}
}

@article{barrett2012ncbi,
  title={NCBI GEO: archive for functional genomics data sets—update},
  author={Barrett, Tanya and Wilhite, Stephen E and Ledoux, Pierre and Evangelista, Carlos and Kim, Irene F and Tomashevsky, Maxim and Marshall, Kimberly A and Phillippy, Katherine H and Sherman, Patti M and Holko, Michelle and others},
  journal={Nucleic acids research},
  volume={41},
  number={D1},
  pages={D991--D995},
  year={2012},
  publisher={Oxford University Press}
}

@article{khatri2013common,
  title={A common rejection module (CRM) for acute rejection across multiple organs identifies novel therapeutics for organ transplantation},
  author={Khatri, Purvesh and Roedder, Silke and Kimura, Naoyuki and De Vusser, Katrien and Morgan, Alexander A and Gong, Yongquan and Fischbein, Michael P and Robbins, Robert C and Naesens, Maarten and Butte, Atul J and others},
  journal={Journal of Experimental Medicine},
  volume={210},
  number={11},
  pages={2205--2221},
  year={2013},
  publisher={Rockefeller University Press}
}

@article{dougan2014ncbi,
  title={NCBI disease corpus: a resource for disease name recognition and concept normalization},
  author={Do{\u{g}}an, Rezarta Islamaj and Leaman, Robert and Lu, Zhiyong},
  journal={Journal of biomedical informatics},
  volume={47},
  pages={1--10},
  year={2014},
  publisher={Elsevier}
}

@article{posch2016predicting,
  title={Predicting structured metadata from unstructured metadata},
  author={Posch, Lisa and Panahiazar, Maryam and Dumontier, Michel and Gevaert, Olivier},
  journal={Database},
  volume={2016},
  year={2016},
  publisher={Oxford University Press}
}

@article{panahiazar2017predicting,
  title={Predicting biomedical metadata in CEDAR: A study of Gene Expression Omnibus (GEO)},
  author={Panahiazar, Maryam and Dumontier, Michel and Gevaert, Olivier},
  journal={Journal of biomedical informatics},
  volume={72},
  pages={132--139},
  year={2017},
  publisher={Elsevier}
}

@inproceedings{panahiazar2015context,
  title={Context aware recommendation engine for metadata submission},
  author={Panahiazar, Maryam and Dumontier, Michel and Gevaert, Olivier},
  booktitle={First International Workshop on Capturing Scientific Knowledge, Palisades, NY},
  year={2015}
}

@inproceedings{nayak2018quality,
  title={Quality Assessment of Biomedical Metadata Using Topic Modeling},
  author={Nayak, AZ Stuti and Zaveri, Amrapali and Dumontier, Michel},
  booktitle={2nd workshop on Semantic Web solutions for large-scale biomedical data analytics (SeWeBMeDA)},
  year={2018}
}

@inproceedings{chiu2016train,
  title={How to train good word embeddings for biomedical NLP},
  author={Chiu, Billy and Crichton, Gamal and Korhonen, Anna and Pyysalo, Sampo},
  booktitle={Proceedings of the 15th Workshop on Biomedical Natural Language Processing},
  pages={166--174},
  year={2016}
}

@article{habibi2017deep,
  title={Deep learning with word embeddings improves biomedical named entity recognition},
  author={Habibi, Maryam and Weber, Leon and Neves, Mariana and Wiegandt, David Luis and Leser, Ulf},
  journal={Bioinformatics},
  volume={33},
  number={14},
  pages={i37--i48},
  year={2017},
  publisher={Oxford University Press}
}

@article{tsui2018creating,
  title={Creating a scalable deep learning based Named Entity Recognition Model for biomedical textual data by repurposing BioSample free-text annotations},
  author={Tsui, Brian Y and Mollah, Shamim and Skola, Dylan and Dow, Michelle and Hsu, Chun-Nan and Carter, Hannah},
  journal={bioRxiv},
  pages={414136},
  year={2018},
  publisher={Cold Spring Harbor Laboratory}
}

@misc{chollet2015keras,
  title={Keras},
  author={Chollet, Fran\c{c}ois and others},
  year={2015},
  howpublished={\url{https://keras.io}},
}

@article{edgar2002gene,
  title={Gene Expression Omnibus: NCBI gene expression and hybridization array data repository},
  author={Edgar, Ron and Domrachev, Michael and Lash, Alex E},
  journal={Nucleic acids research},
  volume={30},
  number={1},
  pages={207--210},
  year={2002},
  publisher={Oxford University Press}
}

@article{brazma2001minimum,
  title={Minimum information about a microarray experiment (MIAME)—toward standards for microarray data},
  author={Brazma, Alvis and Hingamp, Pascal and Quackenbush, John and Sherlock, Gavin and Spellman, Paul and Stoeckert, Chris and Aach, John and Ansorge, Wilhelm and Ball, Catherine A and Causton, Helen C and others},
  journal={Nature genetics},
  volume={29},
  number={4},
  pages={365},
  year={2001},
  publisher={Nature Publishing Group}
}

@article{lecun2015deep,
  title={Deep learning},
  author={LeCun, Yann and Bengio, Yoshua and Hinton, Geoffrey},
  journal={nature},
  volume={521},
  number={7553},
  pages={436},
  year={2015},
  publisher={Nature Publishing Group}
}

@inproceedings{krizhevsky2012imagenet,
  title={Imagenet classification with deep convolutional neural networks},
  author={Krizhevsky, Alex and Sutskever, Ilya and Hinton, Geoffrey E},
  booktitle={Advances in neural information processing systems},
  pages={1097--1105},
  year={2012}
}

@inproceedings{chung2015recurrent,
  title={A recurrent latent variable model for sequential data},
  author={Chung, Junyoung and Kastner, Kyle and Dinh, Laurent and Goel, Kratarth and Courville, Aaron C and Bengio, Yoshua},
  booktitle={Advances in neural information processing systems},
  pages={2980--2988},
  year={2015}
}

@article{bengio1994learning,
  title={Learning long-term dependencies with gradient descent is difficult},
  author={Bengio, Yoshua and Simard, Patrice and Frasconi, Paolo},
  journal={IEEE transactions on neural networks},
  volume={5},
  number={2},
  pages={157--166},
  year={1994}
}

@article{hochreiter1997long,
  title={Long short-term memory},
  author={Hochreiter, Sepp and Schmidhuber, J{\"u}rgen},
  journal={Neural computation},
  volume={9},
  number={8},
  pages={1735--1780},
  year={1997},
  publisher={MIT Press}
}

@book{dictionary2006merriam,
  title={The Merriam-Webster Dictionary},
  author={Dictionary, Marriam-Webster},
  year={2006},
  publisher={Merriam-Webster, Incorporated}
}

@misc{noy2001ontology,
  title={Ontology development 101: A guide to creating your first ontology},
  author={Noy, Natalya F and McGuinness, Deborah L and others},
  year={2001},
  publisher={Stanford knowledge systems laboratory technical report KSL-01-05 and~…}
}

@article{gruber1993translation,
  title={A translation approach to portable ontology specifications},
  author={Gruber, Thomas R},
  journal={Knowledge acquisition},
  volume={5},
  number={2},
  pages={199--220},
  year={1993},
  publisher={Elsevier}
}

@article{gruber1995toward,
  title={Toward principles for the design of ontologies used for knowledge sharing?},
  author={Gruber, Thomas R},
  journal={International journal of human-computer studies},
  volume={43},
  number={5-6},
  pages={907--928},
  year={1995},
  publisher={Elsevier}
}

@book{berners2001weaving,
  title={Weaving the Web: The original design and ultimate destiny of the World Wide Web by its inventor},
  author={Berners-Lee, Tim and Fischetti, Mark},
  year={2001},
  publisher={DIANE Publishing Company}
}

@article{lassila1998resource,
  title={Resource description framework (RDF) model and syntax specification},
  author={Lassila, Ora and Swick, Ralph R and others},
  year={1998},
  publisher={Citeseer}
}

@ARTICLE{2017arXiv171100046S,
   author = {{Singh}, V.},
    title = "{Replace or Retrieve Keywords In Documents at Scale}",
  journal = {ArXiv e-prints},
archivePrefix = "arXiv",
   eprint = {1711.00046},
 primaryClass = "cs.DS",
 keywords = {Computer Science - Data Structures and Algorithms},
     year = 2017,
    month = oct,
   adsurl = {http://adsabs.harvard.edu/abs/2017arXiv171100046S},
  adsnote = {Provided by the SAO/NASA Astrophysics Data System}
}


@article{bengio2003neural,
  title={A neural probabilistic language model},
  author={Bengio, Yoshua and Ducharme, R{\'e}jean and Vincent, Pascal and Jauvin, Christian},
  journal={Journal of machine learning research},
  volume={3},
  number={Feb},
  pages={1137--1155},
  year={2003}
}


@inproceedings{mikolov2013distributed,
  title={Distributed representations of words and phrases and their compositionality},
  author={Mikolov, Tomas and Sutskever, Ilya and Chen, Kai and Corrado, Greg S and Dean, Jeff},
  booktitle={Advances in neural information processing systems},
  pages={3111--3119},
  year={2013}
}


@inproceedings{pennington2014glove,
  title={Glove: Global vectors for word representation},
  author={Pennington, Jeffrey and Socher, Richard and Manning, Christopher},
  booktitle={Proceedings of the 2014 conference on empirical methods in natural language processing (EMNLP)},
  pages={1532--1543},
  year={2014}
}

@article{nayak2018ML,
    title = {A Machine Learning approach towards Quality Assessment of Biomedical Metadata},
    author = {Nayak, Stuti and Zaveri, Amrapali and Hernandez Serrano, Pedro and Cavill, Rachel  and Dumontier, Michel},
    journal = {Journal of Biomedical Semantics},
    note = {Submitted November 2018}
}

@book{Goodfellow-et-al-2016,
    title={Deep Learning},
    author={Ian Goodfellow and Yoshua Bengio and Aaron Courville},
    publisher={MIT Press},
    note={\url{http://www.deeplearningbook.org}},
    year={2016}
}

@ARTICLE{2017arXiv170201460S,
          author = {{Szyma{\'n}ski}, P. and {Kajdanowicz}, T.},
          title = "{A scikit-based Python environment for performing multi-label classification}",
          journal = {ArXiv e-prints},
          archivePrefix = "arXiv",
          eprint = {1702.01460},
          primaryClass = "cs.LG",
          keywords = {Computer Science - Learning, Computer Science - Mathematical Software},
          year = 2017,
          month = feb,
        }
        
@article{tsoumakas2007multi,
  title={Multi-label classification: An overview},
  author={Tsoumakas, Grigorios and Katakis, Ioannis},
  journal={International Journal of Data Warehousing and Mining (IJDWM)},
  volume={3},
  number={3},
  pages={1--13},
  year={2007},
  publisher={IGI Global}
}

@article{zhang2007ml,
  title={ML-KNN: A lazy learning approach to multi-label learning},
  author={Zhang, Min-Ling and Zhou, Zhi-Hua},
  journal={Pattern recognition},
  volume={40},
  number={7},
  pages={2038--2048},
  year={2007},
  publisher={Elsevier}
}

@inproceedings{dembczynski2010bayes,
  title={Bayes Optimal Multilabel Classification via Probabilistic Classifier Chains.},
  author={Dembczynski, Krzysztof and Cheng, Weiwei and H{\"u}llermeier, Eyke},
  booktitle={ICML},
  volume={10},
  pages={279--286},
  year={2010}
}

@article{read2011classifier,
  title={Classifier chains for multi-label classification},
  author={Read, Jesse and Pfahringer, Bernhard and Holmes, Geoff and Frank, Eibe},
  journal={Machine learning},
  volume={85},
  number={3},
  pages={333},
  year={2011},
  publisher={Springer}
}

@incollection{sebastiani2005text,
  title={Text categorization},
  author={Sebastiani, Fabrizio},
  booktitle={Encyclopedia of Database Technologies and Applications},
  pages={683--687},
  year={2005},
  publisher={IGI Global}
}

@book{zhou2012ensemble,
  title={Ensemble methods: foundations and algorithms},
  author={Zhou, Zhi-Hua},
  year={2012},
  publisher={Chapman and Hall/CRC}
}

@article{kiritchenko2014sentiment,
  title={Sentiment analysis of short informal texts},
  author={Kiritchenko, Svetlana and Zhu, Xiaodan and Mohammad, Saif M},
  journal={Journal of Artificial Intelligence Research},
  volume={50},
  pages={723--762},
  year={2014}
}


@article{yepes2015knowledge,
  title={Knowledge based word-concept model estimation and refinement for biomedical text mining},
  author={Yepes, Antonio Jimeno and Berlanga, Rafael},
  journal={Journal of biomedical informatics},
  volume={53},
  pages={300--307},
  year={2015},
  publisher={Elsevier}
}

@inproceedings{collobert2008unified,
  title={A unified architecture for natural language processing: Deep neural networks with multitask learning},
  author={Collobert, Ronan and Weston, Jason},
  booktitle={Proceedings of the 25th international conference on Machine learning},
  pages={160--167},
  year={2008},
  organization={ACM}
}

@article{young2018recent,
  title={Recent trends in deep learning based natural language processing},
  author={Young, Tom and Hazarika, Devamanyu and Poria, Soujanya and Cambria, Erik},
  journal={ieee Computational intelligenCe magazine},
  volume={13},
  number={3},
  pages={55--75},
  year={2018},
  publisher={IEEE}
}

@article{kingma2014adam,
  title={Adam: A method for stochastic optimization},
  author={Kingma, Diederik P and Ba, Jimmy},
  journal={arXiv preprint arXiv:1412.6980},
  year={2014}
}

@article{heflin2004owl,
  title={OWL Web Ontology Language use cases and requirements},
  author={Heflin, Jeff},
  journal={http://www. w3. org/TR/webont-req/},
  year={2004}
}

@article{zhou1988image,
  title={Image restoration using a neural network},
  author={Zhou, Y-T and Chellappa, Rama and Vaid, Aseem and Jenkins, B Keith},
  journal={IEEE Transactions on Acoustics, Speech, and Signal Processing},
  volume={36},
  number={7},
  pages={1141--1151},
  year={1988},
  publisher={IEEE}
}

@article{yin2017comparative,
  title={Comparative study of cnn and rnn for natural language processing},
  author={Yin, Wenpeng and Kann, Katharina and Yu, Mo and Sch{\"u}tze, Hinrich},
  journal={arXiv preprint arXiv:1702.01923},
  year={2017}
}

@article{zeng2014relation,
  title={Relation classification via convolutional deep neural network},
  author={Zeng, Daojian and Liu, Kang and Lai, Siwei and Zhou, Guangyou and Zhao, Jun and others},
  year={2014}
}

@inproceedings{dos2014deep,
  title={Deep convolutional neural networks for sentiment analysis of short texts},
  author={Dos Santos, Cicero and Gatti, Maira},
  booktitle={Proceedings of COLING 2014, the 25th International Conference on Computational Linguistics: Technical Papers},
  pages={69--78},
  year={2014}
}

@article{srivastava2014dropout,
  title={Dropout: a simple way to prevent neural networks from overfitting},
  author={Srivastava, Nitish and Hinton, Geoffrey and Krizhevsky, Alex and Sutskever, Ilya and Salakhutdinov, Ruslan},
  journal={The Journal of Machine Learning Research},
  volume={15},
  number={1},
  pages={1929--1958},
  year={2014},
  publisher={JMLR. org}
}

@inproceedings{glorot2011deep,
  title={Deep sparse rectifier neural networks},
  author={Glorot, Xavier and Bordes, Antoine and Bengio, Yoshua},
  booktitle={Proceedings of the fourteenth international conference on artificial intelligence and statistics},
  pages={315--323},
  year={2011}
}

@inproceedings{nair2010rectified,
  title={Rectified linear units improve restricted boltzmann machines},
  author={Nair, Vinod and Hinton, Geoffrey E},
  booktitle={Proceedings of the 27th international conference on machine learning (ICML-10)},
  pages={807--814},
  year={2010}
}

@article{quinlan1986induction,
  title={Induction of decision trees},
  author={Quinlan, J. Ross},
  journal={Machine learning},
  volume={1},
  number={1},
  pages={81--106},
  year={1986},
  publisher={Springer}
}

@inproceedings{xiaoliang2009research,
  title={Research and application of the improved algorithm C4. 5 on decision tree},
  author={Xiaoliang, Zhu and Hongcan, Yan and Jian, Wang and Shangzhuo, Wu},
  booktitle={2009 International Conference on Test and Measurement},
  volume={2},
  pages={184--187},
  year={2009},
  organization={IEEE}
}

@book{breiman2017classification,
  title={Classification and regression trees},
  author={Breiman, Leo},
  year={2017},
  publisher={Routledge}
}

@article{bojanowski2017enriching,
  title={Enriching word vectors with subword information},
  author={Bojanowski, Piotr and Grave, Edouard and Joulin, Armand and Mikolov, Tomas},
  journal={Transactions of the Association for Computational Linguistics},
  volume={5},
  pages={135--146},
  year={2017},
  publisher={MIT Press}
}

@InProceedings{joulin2017bag,
  title={Bag of Tricks for Efficient Text Classification},
  author={Joulin, Armand and Grave, Edouard and Bojanowski, Piotr and Mikolov, Tomas},
  booktitle={Proceedings of the 15th Conference of the European Chapter of the Association for Computational Linguistics: Volume 2, Short Papers},
  month={April},
  year={2017},
  publisher={Association for Computational Linguistics},
  pages={427--431},
}

@article{joulin2016fasttext,
  title={FastText.zip: Compressing text classification models},
  author={Joulin, Armand and Grave, Edouard and Bojanowski, Piotr and Douze, Matthijs and J{\'e}gou, H{\'e}rve and Mikolov, Tomas},
  journal={arXiv preprint arXiv:1612.03651},
  year={2016}
}

@inproceedings{Peters:2018,
  author={Peters, Matthew E. and  Neumann, Mark and Iyyer, Mohit and Gardner, Matt and Clark, Christopher and Lee, Kenton and Zettlemoyer, Luke},
  title={Deep contextualized word representations},
  booktitle={Proc. of NAACL},
  year={2018}
}

@article{rumelhart1988learning,
  title={Learning representations by back-propagating errors},
  author={Rumelhart, David E and Hinton, Geoffrey E and Williams, Ronald J and others},
  journal={Cognitive modeling},
  volume={5},
  number={3},
  pages={1},
  year={1988}
}
@article{breiman2001random,
  title={Random forests},
  author={Breiman, Leo},
  journal={Machine learning},
  volume={45},
  number={1},
  pages={5--32},
  year={2001},
  publisher={Springer}
}

@book{haykin1994neural,
  title={Neural networks},
  author={Haykin, Simon},
  volume={2},
  year={1994},
  publisher={Prentice hall New York}
}
